%% This BibTeX bibliography file was created using BibDesk.
%% https://bibdesk.sourceforge.io/

%% Created for Benjamin Bloem-Reddy at 2019-10-18 14:42:02 -0700 


%% Saved with string encoding Unicode (UTF-8) 

@article{talagrand:1995,
  	author          = {Michel Talagrand},
  	title           = {CONCENTRATION OF MEASURE AND ISOPERIMETRIC INEQUALITIES IN PRODUCT SPACES},
  	journal         = {Mathématiques de l’Institut des Hautes Scientifiques},
  	volume          = {81},
  	pages           = {73-205},
  	year            = {1995},
  	Bdsk-Url-1 = {https://arxiv.org/pdf/math/9406212.pdf}
}

@misc{Bartlett:2020,
  author       = {Peter Bartlett},
  title        = {Lecture 4},
  howpublished = {CS281B/Stat241B. Statistical Learning Theory.},
  year         = {2020}
}

@misc{hmaji:2017,
  author       = {Hemanta K. Maji},
  title        = {Lecture 07: Independent Bounded Differences Inequality},
  howpublished = {CS 59000: Mathematical Toolkit in Computer Science (Spring 2017)},
  year         = {2017}
}

@MISC{Sridharan_agentle,
  author       = {Karthik Sridharan},
  title	 	   = {A Gentle Introduction to Concentration Inequalities},
  year 		   = {}
}

@article{Kutin:2002,
author = {Kutin, Samuel},
year = {2002},
month = {05},
pages = {},
title = {Extensions to McDiarmid's inequality when differences are bounded with high probability}
}

@misc{John:2008,
 author = {John Lafferty, Han Liu, and Larry Wasserman},
 title = {Concentration of Measure},
 url = {http://www.stat.cmu.edu/~larry/=sml/Concentration.pdf},
 year = {2008}
}